<?xml version="1.0" encoding="UTF-8"?><collection xmlns="http://www.loc.gov/MARC21/slim"><record><leader>00630nam--2200217-u-4500</leader><controlfield tag="001">000052145</controlfield><controlfield tag="002">20161230</controlfield><controlfield tag="005">20161230201049</controlfield><controlfield tag="008">090811s1000------------r-----000-0-eng-d</controlfield><datafield ind1=" " ind2=" " tag="020"><subfield code="a">0716723271</subfield></datafield><datafield ind1=" " ind2=" " tag="040"><subfield code="a">IFIN-HH</subfield></datafield><datafield ind1=" " ind2=" " tag="080"><subfield code="a">530.1</subfield></datafield><datafield ind1="1" ind2="0" tag="100"><subfield code="a">Taylor, Edwin F</subfield></datafield><datafield ind1="1" ind2="0" tag="245"><subfield code="a">Spacetime Physics</subfield><subfield code="b">Introduction to Special Relativity</subfield><subfield code="c">Edwin F. Taylor, John Archibald Wheeler</subfield></datafield><datafield ind1=" " ind2=" " tag="250"><subfield code="a">2nd edition</subfield></datafield><datafield ind1=" " ind2=" " tag="260"><subfield code="a">New York</subfield><subfield code="b">W.H. Freeman</subfield><subfield code="c">1992</subfield></datafield><datafield ind1=" " ind2=" " tag="300"><subfield code="a">vii, 312 p</subfield></datafield><datafield ind1=" " ind2="4" tag="650"><subfield code="a">Special relativity (Physics)- Mathematics</subfield></datafield><datafield ind1="1" ind2=" " tag="700"><subfield code="a">Wheeler, John Archibald</subfield></datafield><datafield ind1=" " ind2=" " tag="852"><subfield code="a">82273</subfield><subfield code="c">530.1</subfield></datafield><datafield ind1=" " ind2=" " tag="CAT"><subfield code="a">Sys</subfield><subfield code="c">20110324</subfield><subfield code="h">120354</subfield></datafield></record></collection>